% Facettensuche

% Sachbuch mit Basiswissen Ã¼ber die Facettensuche
@book{book:Facet:DTFS_YannisTzitzi, 
    author = {Yannis Tzitzikas and Giovanni Maria Sacco},
    title = {{D}ynamic {T}axonomies and {F}aceted {S}earch},
    publisher = {Springer},
    year = {2009},
    series = {{T}he {I}nformation {R}etrieval {S}eries},
}

% Flutter

% Dart
@book{book:Dart:DPL_GiladBracha,
    author = {Gilad Bracha},
    title = {{T}he {D}art {P}rogramming {L}anguage},
    publisher = {Addison-Wesley Professional},
    year = {2015},
}

@book{book:Dart:StartGuideDart_SanjibSinha,
    author = {Sanjib Sinha},
    title = {{Q}uick {S}tart {G}uide to {D}art {P}rogramming},
    subtitle = {{C}reate {H}igh-{P}erformance {A}pplications for the {W}eb and {M}obile},
    publisher = {Springer},
    year = {2020}
}

@article{article:Dart:JavaAndDart_AfafMirghaniHassan,
    author = {Afaf Mirghani Hassan},
    title = {{JAVA} and {DART} programming languages: Conceptual comparison},
    journal = {{I}ndonesian {J}ournal of {E}lectrical {E}ngineering and {C}omputer {S}cience},
    year = {2020},
}